@article{bylander1994computational,
  title={The computational complexity of propositional STRIPS planning},
  author={Bylander, Tom},
  journal={Artificial Intelligence},
  volume={69},
  number={1-2},
  pages={165--204},
  year={1994},
  publisher={Elsevier}
}

@book{kahneman2011thinking,
  added-at = {2013-01-10T15:41:11.000+0100},
  address = {New York},
  author = {Kahneman, Daniel},
  biburl = {https://www.bibsonomy.org/bibtex/2f322864169411fd5914f3fa5488e288c/schmidt2},
  description = {Thinking, Fast and Slow: Amazon.de: Daniel Kahneman: Englische Bücher},
  interhash = {a1400a299a00de009ec8eda73e6289af},
  intrahash = {f322864169411fd5914f3fa5488e288c},
  isbn = {9780374275631 0374275637},
  keywords = {bib books psychology thinking toread},
  publisher = {Farrar, Straus and Giroux},
  refid = {706020998},
  timestamp = {2013-01-10T15:41:11.000+0100},
  title = {Thinking, fast and slow},
  year = 2011
}

@InProceedings{Shen.etal/2020,
  author = 	 {William Shen and Felipe Trevizan and Sylvie Thiébaux},
  title = 	 {Learning Domain-Independent Planning Heuristics with Hypergraph Networks},
  booktitle =	 {ICAPS},
  year =	 {2020}
}

@Article{Toyer.etal/2020,
  author = 	 {Sam Toyer and Felipe Trevizan and Sylvie Thiébaux and Lexing Xie},
  title = 	 {ASNets: Deep Learning for Generalised Planning},
  journal = 	 {J. Artif. Intel. Res.},
  year = 	 {2020}
}

@InProceedings{Ferber.etal/2020a,
  author = {Patrick Ferber and Malte Helmert and Jorg Hoffmann},
  title =	 {Neural Network Heuristics for Classical Planning: A Study of Hyperparameter Space},
  year =	 {2020},
  booktitle =	 {European Conference on Artificial Intelligence},
  pages =	 {2346--2353}
}

@InProceedings{Ferber.etal/2022,
  author =	 {Patrick Ferber and Florian Geißer and Felipe Trevizan and Malte Helmert and Jorg Hoffmann},
  title =	 {Neural Network Heuristic Functions for Classical Planning: Bootstrapping and Comparison to Other Methods},
  year =	 {2022},
  booktitle =	 {International Conference on Automated Planning and Scheduling}
}

@InProceedings{Yu.etal/2020,
  author =	 {Yu, Liu and Kuroiwa, Ryo and Fukunaga, Alex},
  title =	 {Learning Search-Space Specific Heuristics Using Neural Network},
  year =	 {2020},
  booktitle =	 {ICAPS Workshop on Heuristics and Search for Domain-independent Planning}
}

@InProceedings{OToole/2022,
  title={{Sampling from Pre-Images to Learn Heuristic Functions for Classical Planning}},
  author={O'Toole, Stefan and Ramirez, Miquel and Lipovetzky, Nir and Pearce, Adrian R},
  booktitle={Symposium on Combinatorial Search},
  volume={15},
  number={1},
  pages={308--310},
  year={2022}
}

@Article{Arfaee.etal/2011,
  author = 	 {Shahab Jabbari Arfaee and Sandra Zilles and Robert C. Holte},
  title = 	 {{Learning Heuristic Functions for Large State Spaces}},
  journal = 	 {Artificial Intelligence},
  year = 	 {2011},
  volume =	 {175},
  number =	 {16-17},
  pages =	 {2075--2098}
}

@Article{Lu.etal/2020,
  author = 	 {Lu Lu and Yeonjong Shin and Yanhui Su and George Em Karniadakis},
  title = 	 {{Dying {ReLU} and Initialization: Theory and Numerical Examples}},
  journal = 	 {Communications in Computational Physics},
  year = 	 {2020},
  OPTkey = 	 {},
  volume =	 {28},
  number =	 {5},
  pages =	 {1671--1706},
  month =	 jun,
  OPTnote = 	 {},
  OPTannote = 	 {}
}

@inproceedings{ayton2022policy,
  title={Is Policy Learning Overrated?: Width-Based Planning and Active Learning for Atari},
  author={Ayton, Benjamin and Asai, Masataro},
  booktitle={Proceedings of the International Conference on Automated Planning and Scheduling},
  volume={32},
  pages={547--555},
  year={2022}
}

@inproceedings{badia2020agent57,
  title={Agent57: Outperforming the atari human benchmark},
  author={Badia, Adri{\`a} Puigdom{\`e}nech and Piot, Bilal and Kapturowski, Steven and Sprechmann, Pablo and Vitvitskyi, Alex and Guo, Zhaohan Daniel and Blundell, Charles},
  booktitle={International Conference on Machine Learning},
  pages={507--517},
  year={2020},
  organization={PMLR}
}


@article{kasermachetli,
  title={Machetli: Simplifying Input Files for Debugging},
  author={K{\"a}ser, Lucas Galery and B{\"u}chner, Clemens and Corr{\^e}a, Augusto B and Pommerening, Florian and R{\"o}ger, Gabriele},
  year={2022},
  booktitle =	 {ICAPS}
}

@article{geffner2018model,
  title={Model-free, model-based, and general intelligence},
  author={Geffner, Hector},
  journal={arXiv preprint arXiv:1806.02308},
  year={2018}
}

@article{battaglia2018relational,
  title={Relational inductive biases, deep learning, and graph networks},
  author={Battaglia, Peter W and Hamrick, Jessica B and Bapst, Victor and Sanchez-Gonzalez, Alvaro and Zambaldi, Vinicius and Malinowski, Mateusz and Tacchetti, Andrea and Raposo, David and Santoro, Adam and Faulkner, Ryan and others},
  journal={arXiv preprint arXiv:1806.01261},
  year={2018}
}